<record><leader>00000cas a22000007a 4500</leader><controlfield tag="001">12094023</controlfield><controlfield tag="008">850530d19371962njuwr ne      0    0eng d</controlfield><datafield ind1=" " ind2=" " tag="010"><subfield code="a">sn 85035766 </subfield></datafield><datafield ind1=" " ind2=" " tag="040"><subfield code="a">NPA</subfield><subfield code="b">eng</subfield><subfield code="c">NPA</subfield><subfield code="d">NJW</subfield><subfield code="d">OCLCQ</subfield></datafield><datafield ind1=" " ind2=" " tag="042"><subfield code="a">msc</subfield></datafield><datafield ind1="0" ind2="4" tag="245"><subfield code="a">The Phillipsburger.</subfield></datafield><datafield ind1=" " ind2=" " tag="260"><subfield code="a">Phillipsburg, N.J. :</subfield><subfield code="b">E.H. Weller,</subfield><subfield code="c">1937-</subfield></datafield><datafield ind1=" " ind2=" " tag="300"><subfield code="a">v. :</subfield><subfield code="b">ill.</subfield></datafield><datafield ind1=" " ind2=" " tag="310"><subfield code="a">Weekly</subfield></datafield><datafield ind1="0" ind2=" " tag="362"><subfield code="a">Vol. 10, no. 38 (Feb. 19, 1937)-</subfield></datafield><datafield ind1="1" ind2=" " tag="362"><subfield code="a">Ceased in Feb. 1962.</subfield><subfield code="z">Cf. Wright, W.C. and Stellhorn, P.A. Direct. of N.J. newspapers.</subfield></datafield><datafield ind1=" " ind2=" " tag="500"><subfield code="a">Published by the Star Print. and Pub. Corp., 1956-&lt;1961&gt;.</subfield></datafield><datafield ind1=" " ind2=" " tag="530"><subfield code="a">Also issued on microfilm by Norton Micro Images.</subfield></datafield><datafield ind1=" " ind2=" " tag="752"><subfield code="a">United States</subfield><subfield code="b">New Jersey</subfield><subfield code="c">Warren</subfield><subfield code="d">Phillipsburg.</subfield></datafield><datafield ind1="0" ind2="0" tag="780"><subfield code="t">Phillipsburger and the Phillipsburg star (1937)</subfield><subfield code="w">(DLC)sn 85035764</subfield><subfield code="w">(OCoLC)12094021</subfield></datafield><datafield ind1="0" ind2="7" tag="785"><subfield code="t">Star (Washington, N.J. : 1950)</subfield><subfield code="w">(DLC)sn 85035767</subfield><subfield code="w">(OCoLC)12094055</subfield></datafield><datafield ind1="0" ind2="7" tag="785"><subfield code="t">Star and the Phillipsburger</subfield><subfield code="w">(DLC)sn 85035759</subfield><subfield code="w">(OCoLC)12094062</subfield></datafield></record>